@article{OccultPhilosophy, 
    author = {Heinrich Cornelius Agrippa},
    title = {Three books of occult philosophy},
    journal = {Annalen der Physik},
    volume = {1},
    pages = {1024},
    year = {1510},
    publisher = {Wiley Online Library},
}